<?xml version="1.0" encoding="UTF-8"?><record xmlns="http://www.loc.gov/MARC21/slim" xmlns:cinclude="http://apache.org/cocoon/include/1.0" xmlns:zs="http://www.loc.gov/zing/srw/">
  <leader>00396cz  a2200133n  4500</leader>
  <controlfield tag="001">n  98093839 </controlfield>
  <controlfield tag="003">DLC</controlfield>
  <controlfield tag="005">20140728080658.0</controlfield>
  <controlfield tag="008">981019n| azannaab           |n aaa      </controlfield>
  <datafield tag="010" ind1=" " ind2=" ">
    <subfield code="a">n  98093839 </subfield>
  </datafield>
  <datafield tag="040" ind1=" " ind2=" ">
    <subfield code="a">DLC</subfield>
    <subfield code="b">eng</subfield>
    <subfield code="c">DLC</subfield>
    <subfield code="d">DLC</subfield>
    <subfield code="e">rda</subfield>
  </datafield>
  <datafield tag="046" ind1=" " ind2=" ">
    <subfield code="f">19460727</subfield>
  </datafield>
  <datafield tag="100" ind1="1" ind2=" ">
    <subfield code="a">Martinez, Andrew J.,</subfield>
    <subfield code="d">1946-</subfield>
  </datafield>
  <datafield tag="670" ind1=" " ind2=" ">
    <subfield code="a">Marine life of the North Atlantic, c1999:</subfield>
    <subfield code="b">t.p. (Andrew J. Martinez) data sheet (b. 7/27/46)</subfield>
  </datafield>
</record>